@article{Glashow:1970gm,
    author = "Glashow, S. L. and Iliopoulos, J. and Maiani, L.",
    title = "{Weak Interactions with Lepton-Hadron Symmetry}",
    doi = "10.1103/PhysRevD.2.1285",
    journal = "Phys. Rev. D",
    volume = "2",
    pages = "1285--1292",
    year = "1970"
}

@article{Cazzoli:1975et,
    author = "Cazzoli, E. G. and Cnops, A. M. and Connolly, P. L. and Louttit, R. I. and Murtagh, M. J. and Palmer, R. B. and Samios, N. P. and Tso, T. T. and Williams, H. H.",
    title = "{Evidence for $\Delta S = - \Delta Q$ Currents or Charmed Baryon Production by Neutrinos}",
    reportNumber = "BNL-19931",
    doi = "10.1103/PhysRevLett.34.1125",
    journal = "Phys. Rev. Lett.",
    volume = "34",
    pages = "1125--1128",
    year = "1975"
}

@book{Thomson:2013zua,
    author = "Thomson, Mark",
    title = "{Modern particle physics}",
    doi = "10.1017/CBO9781139525367",
    isbn = "978-1-107-03426-6",
    publisher = "Cambridge University Press",
    address = "New York",
    year = "2013"
}

@article{Liu:2019zoy,
    author = "Liu, Yan-Rui and Chen, Hua-Xing and Chen, Wei and Liu, Xiang and Zhu, Shi-Lin",
    title = "{Pentaquark and Tetraquark states}",
    eprint = "1903.11976",
    archivePrefix = "arXiv",
    primaryClass = "hep-ph",
    doi = "10.1016/j.ppnp.2019.04.003",
    journal = "Prog. Part. Nucl. Phys.",
    volume = "107",
    pages = "237--320",
    year = "2019"
}

@article{ParticleDataGroup:2020ssz,
    author = "Zyla, P. A. and others",
    collaboration = "Particle Data Group",
    title = "{Review of Particle Physics}",
    doi = "10.1093/ptep/ptaa104",
    journal = "PTEP",
    volume = "2020",
    number = "8",
    pages = "083C01",
    year = "2020"
}

@article{CMS:2020xrn,
    author = "Sirunyan, Albert M and others",
    collaboration = "CMS",
    title = "{A measurement of the Higgs boson mass in the diphoton decay channel}",
    eprint = "2002.06398",
    archivePrefix = "arXiv",
    primaryClass = "hep-ex",
    reportNumber = "CMS-HIG-19-004, CERN-EP-2020-004",
    doi = "10.1016/j.physletb.2020.135425",
    journal = "Phys. Lett. B",
    volume = "805",
    pages = "135425",
    year = "2020"
}

@article{Fan:2022eto,
    author = "Fan, X. and Myers, T. G. and Sukra, B. A. D. and Gabrielse, G.",
    title = "{Measurement of the Electron Magnetic Moment}",
    eprint = "2209.13084",
    archivePrefix = "arXiv",
    primaryClass = "physics.atom-ph",
    doi = "10.1103/PhysRevLett.130.071801",
    journal = "Phys. Rev. Lett.",
    volume = "130",
    number = "7",
    pages = "071801",
    year = "2023"
}

@article{Clowe:2006eq,
    author = "Clowe, Douglas and Bradac, Marusa and Gonzalez, Anthony H. and Markevitch, Maxim and Randall, Scott W. and Jones, Christine and Zaritsky, Dennis",
    title = "{A direct empirical proof of the existence of dark matter}",
    eprint = "astro-ph/0608407",
    archivePrefix = "arXiv",
    reportNumber = "SLAC-PUB-12078",
    doi = "10.1086/508162",
    journal = "Astrophys. J. Lett.",
    volume = "648",
    pages = "L109--L113",
    year = "2006"
}

@article{Super-Kamiokande:1998kpq,
    author = "Fukuda, Y. and others",
    collaboration = "Super-Kamiokande",
    title = "{Evidence for oscillation of atmospheric neutrinos}",
    eprint = "hep-ex/9807003",
    archivePrefix = "arXiv",
    reportNumber = "BU-98-17, ICRR-REPORT-422-98-18, UCI-98-8, KEK-PREPRINT-98-95, LSU-HEPA-5-98, UMD-98-003, SBHEP-98-5, TKU-PAP-98-06, TIT-HPE-98-09",
    doi = "10.1103/PhysRevLett.81.1562",
    journal = "Phys. Rev. Lett.",
    volume = "81",
    pages = "1562--1567",
    year = "1998"
}

@article{Canetti:2012zc,
    author = "Canetti, Laurent and Drewes, Marco and Shaposhnikov, Mikhail",
    title = "{Matter and Antimatter in the Universe}",
    eprint = "1204.4186",
    archivePrefix = "arXiv",
    primaryClass = "hep-ph",
    reportNumber = "TTK-12-04",
    doi = "10.1088/1367-2630/14/9/095012",
    journal = "New J. Phys.",
    volume = "14",
    pages = "095012",
    year = "2012"
}

@article{Goldstone:1962es,
    author = "Goldstone, Jeffrey and Salam, Abdus and Weinberg, Steven",
    title = "{Broken Symmetries}",
    doi = "10.1103/PhysRev.127.965",
    journal = "Phys. Rev.",
    volume = "127",
    pages = "965--970",
    year = "1962"
}

@article{Fermi:1934hr,
    author = "Fermi, E.",
    title = "{An attempt of a theory of beta radiation. 1.}",
    reportNumber = "UCRL-TRANS-726",
    doi = "10.1007/BF01351864",
    journal = "Z. Phys.",
    volume = "88",
    pages = "161--177",
    year = "1934"
}

@article{Grzadkowski:2010es,
    author = "Grzadkowski, B. and Iskrzynski, M. and Misiak, M. and Rosiek, J.",
    title = "{Dimension-Six Terms in the Standard Model Lagrangian}",
    eprint = "1008.4884",
    archivePrefix = "arXiv",
    primaryClass = "hep-ph",
    reportNumber = "IFT-9-2010, TTP10-35",
    doi = "10.1007/JHEP10(2010)085",
    journal = "JHEP",
    volume = "10",
    pages = "085",
    year = "2010"
}

@article{Alonso:2013hga,
    author = "Alonso, Rodrigo and Jenkins, Elizabeth E. and Manohar, Aneesh V. and Trott, Michael",
    title = "{Renormalization Group Evolution of the Standard Model Dimension Six Operators III: Gauge Coupling Dependence and Phenomenology}",
    eprint = "1312.2014",
    archivePrefix = "arXiv",
    primaryClass = "hep-ph",
    reportNumber = "CERN-PH-TH-2013-305, CERN-PH-TH/2013-305",
    doi = "10.1007/JHEP04(2014)159",
    journal = "JHEP",
    volume = "04",
    pages = "159",
    year = "2014"
}

@article{Brivio:2020onw,
    author = "Brivio, Ilaria",
    title = "{SMEFTsim 3.0 \textemdash{} a practical guide}",
    eprint = "2012.11343",
    archivePrefix = "arXiv",
    primaryClass = "hep-ph",
    doi = "10.1007/JHEP04(2021)073",
    journal = "JHEP",
    volume = "04",
    pages = "073",
    year = "2021"
}

@techreport{Brivio:2021yjb,
      author        = "Brivio, Ilaria and Dawson, Sally and De Blas Mateo, Jorge
                       and Durieux, Gauthier and Savard, Pierre and Denner, Ansgar
                       and Freitas, Ayres and Hays, Chris and Pecjack, Ben and
                       Vicini, Alessandro",
      title         = "{Electroweak input parameters}",
      institution   = "CERN",
      archivePrefix = "arXiv",
      eprint        = "2111.12515",
      reportNumber  = "CERN-LPCC-2021-002, CERN-LHCEFTWG-2021-001",
      address       = "Geneva",
      year          = "2021",
      url           = "https://cds.cern.ch/record/2792440",
      note          = "LHC EFT WG note, 5 pages",
}

@article{Randall:1999ee,
    author = "Randall, Lisa and Sundrum, Raman",
    title = "{A Large mass hierarchy from a small extra dimension}",
    eprint = "hep-ph/9905221",
    archivePrefix = "arXiv",
    reportNumber = "MIT-CTP-2860, PUPT-1860, BUHEP-99-9",
    doi = "10.1103/PhysRevLett.83.3370",
    journal = "Phys. Rev. Lett.",
    volume = "83",
    pages = "3370--3373",
    year = "1999"
}]

@article{Carvalho:2014lsg,
    author = "Carvalho, Alexandra",
    title = "{Gravity particles from Warped Extra Dimensions, predictions for LHC}",
    eprint = "1404.0102",
    archivePrefix = "arXiv",
    primaryClass = "hep-ph",
    month = "3",
    year = "2014"
}

@article{Ellwanger:2009dp,
    author = "Ellwanger, Ulrich and Hugonie, Cyril and Teixeira, Ana M.",
    title = "{The Next-to-Minimal Supersymmetric Standard Model}",
    eprint = "0910.1785",
    archivePrefix = "arXiv",
    primaryClass = "hep-ph",
    reportNumber = "LPT-ORSAY-09-76, CFTP-09-032, LPTA-09-066",
    doi = "10.1016/j.physrep.2010.07.001",
    journal = "Phys. Rept.",
    volume = "496",
    pages = "1--77",
    year = "2010"
}

@article{Fayet:1974pd,
    author = "Fayet, Pierre",
    title = "{Supergauge Invariant Extension of the Higgs Mechanism and a Model for the electron and Its Neutrino}",
    reportNumber = "PTENS-74-7",
    doi = "10.1016/0550-3213(75)90636-7",
    journal = "Nucl. Phys. B",
    volume = "90",
    pages = "104--124",
    year = "1975"
}

@article{Fayet:1977yc,
    author = "Fayet, Pierre",
    title = "{Spontaneously Broken Supersymmetric Theories of Weak, Electromagnetic and Strong Interactions}",
    reportNumber = "LPTENS 77/11",
    doi = "10.1016/0370-2693(77)90852-8",
    journal = "Phys. Lett. B",
    volume = "69",
    pages = "489",
    year = "1977"
}

@article{King:2014xwa,
    author = {King, S. F. and M\"uhlleitner, M. and Nevzorov, R. and Walz, K.},
    title = "{Discovery Prospects for NMSSM Higgs Bosons at the High-Energy Large Hadron Collider}",
    eprint = "1408.1120",
    archivePrefix = "arXiv",
    primaryClass = "hep-ph",
    doi = "10.1103/PhysRevD.90.095014",
    journal = "Phys. Rev. D",
    volume = "90",
    number = "9",
    pages = "095014",
    year = "2014"
}

@article{Wu:1957my,
    author = "Wu, C. S. and Ambler, E. and Hayward, R. W. and Hoppes, D. D. and Hudson, R. P.",
    title = "{Experimental Test of Parity Conservation in $\beta$ Decay}",
    doi = "10.1103/PhysRev.105.1413",
    journal = "Phys. Rev.",
    volume = "105",
    pages = "1413--1414",
    year = "1957"
}

@article{Ellwanger:2022jtd,
    author = "Ellwanger, Ulrich and Hugonie, Cyril",
    title = "{Benchmark planes for Higgs-to-Higgs decays in the NMSSM}",
    eprint = "2203.05049",
    archivePrefix = "arXiv",
    primaryClass = "hep-ph",
    reportNumber = "LUPM 22-004",
    doi = "10.1140/epjc/s10052-022-10364-3",
    journal = "Eur. Phys. J. C",
    volume = "82",
    number = "5",
    pages = "406",
    year = "2022"
}

@article{Wu:1991rw,
    author = "Wu, Dan-di",
    editor = "Englert, B. G. and Sussmann, G.",
    title = "{A Brief Introduction to the Strong CP Problem}",
    reportNumber = "SSCL-548",
    journal = "Z. Naturforsch. A",
    volume = "52",
    pages = "179--181",
    year = "1997"
}

@article{Mobs:2636343,
      author        = "Mobs, Esma",
      title         = "{The CERN accelerator complex - August 2018. Complexe des
                       accélérateurs du CERN - Août 2018}",
      year          = "2018",
      url           = "https://cds.cern.ch/record/2636343",
      note          = "General Photo",
}

@article{ATLAS:2008xda,
    author = "Aad, G. and others",
    collaboration = "ATLAS",
    title = "{The ATLAS Experiment at the CERN Large Hadron Collider}",
    doi = "10.1088/1748-0221/3/08/S08003",
    journal = "JINST",
    volume = "3",
    pages = "S08003",
    year = "2008"
}

@article{CMS:2008xjf,
    author = "Chatrchyan, S. and others",
    collaboration = "CMS",
    title = "{The CMS Experiment at the CERN LHC}",
    doi = "10.1088/1748-0221/3/08/S08004",
    journal = "JINST",
    volume = "3",
    pages = "S08004",
    year = "2008"
}

@article{LHCb:2008vvz,
    author = "Alves, Jr., A. Augusto and others",
    collaboration = "LHCb",
    title = "{The LHCb Detector at the LHC}",
    reportNumber = "LHCb-DP-2008-001",
    doi = "10.1088/1748-0221/3/08/S08005",
    journal = "JINST",
    volume = "3",
    pages = "S08005",
    year = "2008"
}

@article{ALICE:2008ngc,
    author = "Aamodt, K. and others",
    collaboration = "ALICE",
    title = "{The ALICE experiment at the CERN LHC}",
    doi = "10.1088/1748-0221/3/08/S08002",
    journal = "JINST",
    volume = "3",
    pages = "S08002",
    year = "2008"
}

@article{Evans:2008zzb,
    editor = "Evans, Lyndon and Bryant, Philip",
    title = "{LHC Machine}",
    doi = "10.1088/1748-0221/3/08/S08001",
    journal = "JINST",
    volume = "3",
    pages = "S08001",
    year = "2008"
}

@article{AWAKE:2014wjf,
    author = "Assmann, R. and others",
    editor = "Hooker, Simon M. and Mangles, Stuart and Pattathil, Rajeev",
    collaboration = "AWAKE",
    title = "{Proton-driven plasma wakefield acceleration: a path to the future of high-energy particle physics}",
    eprint = "1401.4823",
    archivePrefix = "arXiv",
    primaryClass = "physics.acc-ph",
    doi = "10.1088/0741-3335/56/8/084013",
    journal = "Plasma Phys. Control. Fusion",
    volume = "56",
    number = "8",
    pages = "084013",
    year = "2014"
}

@misc{LumiPubl64:online,
author = {},
title = {LumiPublicResults < CMSPublic < TWiki},
howpublished = {\url{https://twiki.cern.ch/twiki/bin/view/CMSPublic/LumiPublicResults}},
month = {},
year = {},
note = {(Accessed on 13/05/2024)}
}

@article{CMS:2012qbp,
    author = "Chatrchyan, Serguei and others",
    collaboration = "CMS",
    title = "{Observation of a New Boson at a Mass of 125 GeV with the CMS Experiment at the LHC}",
    eprint = "1207.7235",
    archivePrefix = "arXiv",
    primaryClass = "hep-ex",
    reportNumber = "CMS-HIG-12-028, CERN-PH-EP-2012-220",
    doi = "10.1016/j.physletb.2012.08.021",
    journal = "Phys. Lett. B",
    volume = "716",
    pages = "30--61",
    year = "2012"
}

@article{ATLAS:2012yve,
    author = "Aad, Georges and others",
    collaboration = "ATLAS",
    title = "{Observation of a new particle in the search for the Standard Model Higgs boson with the ATLAS detector at the LHC}",
    eprint = "1207.7214",
    archivePrefix = "arXiv",
    primaryClass = "hep-ex",
    reportNumber = "CERN-PH-EP-2012-218",
    doi = "10.1016/j.physletb.2012.08.020",
    journal = "Phys. Lett. B",
    volume = "716",
    pages = "1--29",
    year = "2012"
}

@article{Sakuma:2013jqa,
    author = "Sakuma, Tai and McCauley, Thomas",
    editor = "Groep, D. L. and Bonacorsi, D.",
    title = "{Detector and Event Visualization with SketchUp at the CMS Experiment}",
    eprint = "1311.4942",
    archivePrefix = "arXiv",
    primaryClass = "physics.ins-det",
    reportNumber = "CMS-CR-2013-379, FERMILAB-CONF-13-592-CMS-WDRS",
    doi = "10.1088/1742-6596/513/2/022032",
    journal = "J. Phys. Conf. Ser.",
    volume = "513",
    pages = "022032",
    year = "2014"
}

@techreport{CMS:2017lum,
    author = "Tumasyan, Armen and others",
    editor = "Klein, K.",
    collaboration = "CMS",
    title = "{The Phase-2 Upgrade of the CMS Tracker}",
    reportNumber = "CERN-LHCC-2017-009, CMS-TDR-014, CERN-LHCC-2017-009, CMS-TDR-014",
    doi = "10.17181/CERN.QZ28.FLHW",
    month = "6",
    year = "2017"
}

@techreport{CMS:2012sda,
    editor = "Matzner Dominguez, David Aaron and others",
    collaboration = "CMS",
    title = "{CMS Technical Design Report for the Pixel Detector Upgrade}",
    reportNumber = "CERN-LHCC-2012-016, CMS-TDR-011",
    doi = "10.2172/1151650",
    month = "9",
    year = "2012"
}

@TECHREPORT{CMS-PAS-LUM-17-004,
      AUTHOR        = "{CMS Collaboration}",
      COLLABORATION = {CMS},
      TITLE         = "{CMS} luminosity measurement for the 2017 Data-Taking period at {$\sqrt{s} = 13~\mathrm{TeV}$}",
      URL           = "https://cds.cern.ch/record/2621960",
      TYPE          = "CMS Physics Analysis Summary",
      NUMBER        = "CMS-PAS-LUM-17-004",
      YEAR          = "2018"
}

@TECHREPORT{CMS-PAS-LUM-18-002,
      AUTHOR        = "{CMS Collaboration}",
      COLLABORATION = {CMS},
      TITLE         = "{CMS} luminosity measurement for the 2018 Data-Taking period at {$\sqrt{s} = 13~\mathrm{TeV}$}",
      URL           = "https://cds.cern.ch/record/2676164",
      TYPE          = "CMS Physics Analysis Summary",
      NUMBER        = "CMS-PAS-LUM-18-002",
      YEAR          = "2019"
}

@article{CMS:2021xjt,
    author = "Sirunyan, Albert M and others",
    collaboration = "CMS",
    title = "Precision luminosity measurement in proton-proton collisions at $\sqrt{s} =$ 13 {TeV} in 2015 and 2016 at {CMS}",
    eprint = "2104.01927",
    archivePrefix = "arXiv",
    primaryClass = "hep-ex",
    reportNumber = "CMS-LUM-17-003, CERN-EP-2021-033",
    doi = "10.1140/epjc/s10052-021-09538-2",
    journal = "Eur. Phys. J. C",
    volume = "81",
    pages = "800",
    year = "2021"
}

@article{CMSTrackerGroup:2020edz,
    author = "Adam, W. and others",
    collaboration = "CMS Tracker Group",
    title = "{The CMS Phase-1 Pixel Detector Upgrade}",
    eprint = "2012.14304",
    archivePrefix = "arXiv",
    primaryClass = "physics.ins-det",
    doi = "10.1088/1748-0221/16/02/P02027",
    journal = "JINST",
    volume = "16",
    number = "02",
    pages = "P02027",
    year = "2021"
}

@article{CMS:2018rym,
    author = "Sirunyan, A. M. and others",
    collaboration = "CMS",
    title = "{Performance of the CMS muon detector and muon reconstruction with proton-proton collisions at $\sqrt{s}=$ 13 TeV}",
    eprint = "1804.04528",
    archivePrefix = "arXiv",
    primaryClass = "physics.ins-det",
    reportNumber = "CMS-MUO-16-001, CERN-EP-2018-058",
    doi = "10.1088/1748-0221/13/06/P06015",
    journal = "JINST",
    volume = "13",
    number = "06",
    pages = "P06015",
    year = "2018"
}

@article{CMS:2013vyz,
    author = "Chatrchyan, Serguei and others",
    collaboration = "CMS",
    title = "{The Performance of the CMS Muon Detector in Proton-Proton Collisions at $\sqrt{s}$ = 7 TeV at the LHC}",
    eprint = "1306.6905",
    archivePrefix = "arXiv",
    primaryClass = "physics.ins-det",
    reportNumber = "CMS-MUO-11-001, CERN-PH-EP-2013-072",
    doi = "10.1088/1748-0221/8/11/P11002",
    journal = "JINST",
    volume = "8",
    pages = "P11002",
    year = "2013"
}

@book{Peskin:1995ev,
    author = "Peskin, Michael E. and Schroeder, Daniel V.",
    title = "{An Introduction to quantum field theory}",
    doi = "10.1201/9780429503559",
    isbn = "978-0-201-50397-5, 978-0-429-50355-9, 978-0-429-49417-8",
    publisher = "Addison-Wesley",
    address = "Reading, USA",
    year = "1995"
}

@article{CMS:2017yfk,
    author = "Sirunyan, A. M. and others",
    collaboration = "CMS",
    title = "{Particle-flow reconstruction and global event description with the CMS detector}",
    eprint = "1706.04965",
    archivePrefix = "arXiv",
    primaryClass = "physics.ins-det",
    reportNumber = "CMS-PRF-14-001, CERN-EP-2017-110",
    doi = "10.1088/1748-0221/12/10/P10003",
    journal = "JINST",
    volume = "12",
    number = "10",
    pages = "P10003",
    year = "2017"
}

@techreport{Adam:2005cg,
      author        = "Adam, Wolfgang and Mangano, Boris and Speer, Thomas and
                       Todorov, Teddy",
      title         = "{Track Reconstruction in the CMS tracker}",
      institution   = "CERN",
      reportNumber  = "CMS-NOTE-2006-041",
      address       = "Geneva",
      year          = "2006",
      url           = "https://cds.cern.ch/record/934067",
}

@techreport{Cucciarelli:2006mt,
      author        = "Cucciarelli, Susanna and Konecki, Marcin and Kotlinski,
                       Danek and Todorov, Teddy",
      title         = "{Track reconstruction, primary vertex finding and seed
                       generation with the Pixel Detector}",
      institution   = "CERN",
      reportNumber  = "CMS-NOTE-2006-026",
      address       = "Geneva",
      year          = "2006",
      url           = "https://cds.cern.ch/record/927384",
}

@article{CMS:2014pgm,
    author = "Chatrchyan, Serguei and others",
    collaboration = "CMS",
    title = "{Description and performance of track and primary-vertex reconstruction with the CMS tracker}",
    eprint = "1405.6569",
    archivePrefix = "arXiv",
    primaryClass = "physics.ins-det",
    reportNumber = "CMS-TRK-11-001, CERN-PH-EP-2014-070",
    doi = "10.1088/1748-0221/9/10/P10009",
    journal = "JINST",
    volume = "9",
    number = "10",
    pages = "P10009",
    year = "2014"
}

@article{Elmetenawee:2023xyl,
    author = "Elmetenawee, Walaa",
    collaboration = "CMS",
    title = "{CMS tracking performance in Run 2 and early Run 3}",
    eprint = "2312.08017",
    archivePrefix = "arXiv",
    primaryClass = "hep-ex",
    doi = "10.22323/1.448.0074",
    journal = "PoS",
    volume = "VERTEX2023",
    pages = "074",
    year = "2024"
}

@article{Fruhwirth:1987fm,
    author = "Fruhwirth, R.",
    title = "{Application of Kalman filtering to track and vertex fitting}",
    reportNumber = "HEPHY-PUB-87-503",
    doi = "10.1016/0168-9002(87)90887-4",
    journal = "Nucl. Instrum. Meth. A",
    volume = "262",
    pages = "444--450",
    year = "1987"
}
@article{Billoir:1989mh,
    author = "Billoir, Pierre",
    title = "{Progressive track recognition with a Kalman like fitting procedure}",
    doi = "10.1016/0010-4655(89)90249-X",
    journal = "Comput. Phys. Commun.",
    volume = "57",
    pages = "390--394",
    year = "1989"
}

@article{Billoir:1990we,
    author = "Billoir, Pierre and Qian, S.",
    title = "{Simultaneous pattern recognition and track fitting by the Kalman filtering method}",
    doi = "10.1016/0168-9002(90)91835-Y",
    journal = "Nucl. Instrum. Meth. A",
    volume = "294",
    pages = "219--228",
    year = "1990"
}

@article{Mankel:1997dy,
    author = "Mankel, R.",
    title = "{A Concurrent track evolution algorithm for pattern recognition in the HERA-B main tracking system}",
    reportNumber = "DESY-97-054",
    doi = "10.1016/S0168-9002(97)00705-5",
    journal = "Nucl. Instrum. Meth. A",
    volume = "395",
    pages = "169--184",
    year = "1997"
}

@article{Adam:2003kg,
    author = "Adam, W. and Fruhwirth, R. and Strandlie, A. and Todorov, T.",
    title = "{Reconstruction of electrons with the Gaussian sum filter in the CMS tracker at LHC}",
    eprint = "physics/0306087",
    archivePrefix = "arXiv",
    reportNumber = "CHEP-2003-TULT009",
    doi = "10.1088/0954-3899/31/9/N01",
    journal = "eConf",
    volume = "C0303241",
    pages = "TULT009",
    year = "2003"
}

@article{Anfreville:2007zz,
    author = "Anfreville, M. and others",
    title = "{Laser monitoring system for the CMS lead tungstate crystal calorimeter}",
    reportNumber = "CERN-CMS-NOTE-2007-028",
    doi = "10.1016/j.nima.2008.01.104",
    journal = "Nucl. Instrum. Meth. A",
    volume = "594",
    pages = "292--320",
    year = "2008"
}

@article{Zhang:2005ip,
    author = "Zhang, Li-Yuan and Bailleux, D. and Bornheim, A. and Zhu, Ke-Jun and Zhu, Ren-Yuan",
    title = "{Performance of the monitoring light source for the CMS lead tungstate crystal calorimeter}",
    doi = "10.1109/TNS.2005.852661",
    journal = "IEEE Trans. Nucl. Sci.",
    volume = "52",
    pages = "1123--1130",
    year = "2005"
}

@article{CMS:2013lxn,
    author = "Chatrchyan, Serguei and others",
    collaboration = "CMS",
    title = "{Energy Calibration and Resolution of the CMS Electromagnetic Calorimeter in $pp$ Collisions at $\sqrt{s} = 7$ TeV}",
    eprint = "1306.2016",
    archivePrefix = "arXiv",
    primaryClass = "hep-ex",
    reportNumber = "CMS-EGM-11-001, CERN-PH-EP-2013-097",
    doi = "10.1088/1748-0221/8/09/P09009",
    journal = "JINST",
    volume = "8",
    pages = "P09009",
    year = "2013"
}

@article{CMS:2024ppo,
    author = "Hayrapetyan, Aram and others",
    collaboration = "CMS",
    title = "{Performance of the CMS electromagnetic calorimeter in pp collisions at \ensuremath{\sqrt{}}$_{s}$ = 13 TeV}",
    eprint = "2403.15518",
    archivePrefix = "arXiv",
    primaryClass = "physics.ins-det",
    reportNumber = "CMS-EGM-18-002, CERN-EP-2024-014",
    doi = "10.1088/1748-0221/19/09/P09004",
    journal = "JINST",
    volume = "19",
    number = "09",
    pages = "P09004",
    year = "2024"
}

@article{CMS:2020uim,
    author = "Sirunyan, Albert M and others",
    collaboration = "CMS",
    title = "{Electron and photon reconstruction and identification with the CMS experiment at the CERN LHC}",
    eprint = "2012.06888",
    archivePrefix = "arXiv",
    primaryClass = "hep-ex",
    reportNumber = "CMS-EGM-17-001, CERN-EP-2020-219",
    doi = "10.1088/1748-0221/16/05/P05014",
    journal = "JINST",
    volume = "16",
    number = "05",
    pages = "P05014",
    year = "2021"
}

@article{CMS:2014afl,
    author = "Khachatryan, Vardan and others",
    collaboration = "CMS",
    title = "{Observation of the Diphoton Decay of the Higgs Boson and Measurement of Its Properties}",
    eprint = "1407.0558",
    archivePrefix = "arXiv",
    primaryClass = "hep-ex",
    reportNumber = "CMS-HIG-13-001, CERN-PH-EP-2014-117",
    doi = "10.1140/epjc/s10052-014-3076-z",
    journal = "Eur. Phys. J. C",
    volume = "74",
    number = "10",
    pages = "3076",
    year = "2014"
}

@mastersthesis{Oreglia:1980cs,
    author = "Oreglia, M.",
    title = "{A Study of the Reactions $\psi^\prime \to \gamma \gamma \psi$}",
    reportNumber = "SLAC-0236, SLAC-236, UMI-81-08973, SLAC-R-0236, SLAC-R-236",
    type = "Other thesis",
    month = "12",
    year = "1980"
}

@article{CMS:2018jrd,
    author = "Sirunyan, A. M. and others",
    collaboration = "CMS",
    title = "{Performance of reconstruction and identification of $\tau$ leptons decaying to hadrons and $\nu_\tau$ in pp collisions at $\sqrt{s}=$ 13 TeV}",
    eprint = "1809.02816",
    archivePrefix = "arXiv",
    primaryClass = "hep-ex",
    reportNumber = "CMS-TAU-16-003, CERN-EP-2018-229",
    doi = "10.1088/1748-0221/13/10/P10005",
    journal = "JINST",
    volume = "13",
    number = "10",
    pages = "P10005",
    year = "2018"
}

@article{CMS:2015pac,
    author = "Khachatryan, Vardan and others",
    collaboration = "CMS",
    title = "{Reconstruction and identification of \ensuremath{\tau} lepton decays to hadrons and \ensuremath{\nu}$_τ$ at CMS}",
    eprint = "1510.07488",
    archivePrefix = "arXiv",
    primaryClass = "physics.ins-det",
    reportNumber = "CMS-TAU-14-001, CERN-PH-EP-2015-261",
    doi = "10.1088/1748-0221/11/01/P01019",
    journal = "JINST",
    volume = "11",
    number = "01",
    pages = "P01019",
    year = "2016"
}

@article{CMS:2022prd,
    author = "Tumasyan, Armen and others",
    collaboration = "CMS",
    title = "{Identification of hadronic tau lepton decays using a deep neural network}",
    eprint = "2201.08458",
    archivePrefix = "arXiv",
    primaryClass = "hep-ex",
    reportNumber = "CMS-TAU-20-001, CERN-EP-2021-257",
    doi = "10.1088/1748-0221/17/07/P07023",
    journal = "JINST",
    volume = "17",
    pages = "P07023",
    year = "2022"
}

@article{CMS:2009fdy,
    author = "Chatrchyan, S and others",
    collaboration = "CMS",
    title = "{Performance of CMS Muon Reconstruction in Cosmic-Ray Events}",
    eprint = "0911.4994",
    archivePrefix = "arXiv",
    primaryClass = "physics.ins-det",
    reportNumber = "CMS-CFT-09-014",
    doi = "10.1088/1748-0221/5/03/T03022",
    journal = "JINST",
    volume = "5",
    pages = "T03022",
    year = "2010"
}

@article{CMS:2012nsv,
    author = "Chatrchyan, Serguei and others",
    collaboration = "CMS",
    title = "{Performance of CMS Muon Reconstruction in $pp$ Collision Events at $\sqrt{s}=7$ TeV}",
    eprint = "1206.4071",
    archivePrefix = "arXiv",
    primaryClass = "physics.ins-det",
    reportNumber = "CMS-MUO-10-004, CERN-PH-EP-2012-173",
    doi = "10.1088/1748-0221/7/10/P10002",
    journal = "JINST",
    volume = "7",
    pages = "P10002",
    year = "2012"
}

@article{Bodek:2012id,
    author = "Bodek, A. and van Dyne, A. and Han, J. Y. and Sakumoto, W. and Strelnikov, A.",
    title = "{Extracting Muon Momentum Scale Corrections for Hadron Collider Experiments}",
    eprint = "1208.3710",
    archivePrefix = "arXiv",
    primaryClass = "hep-ex",
    doi = "10.1140/epjc/s10052-012-2194-8",
    journal = "Eur. Phys. J. C",
    volume = "72",
    pages = "2194",
    year = "2012"
}

@article{CMS:2019ied,
    author = "Sirunyan, Albert M and others",
    collaboration = "CMS",
    title = "{Performance of the reconstruction and identification of high-momentum muons in proton-proton collisions at $\sqrt{s} =$ 13 TeV}",
    eprint = "1912.03516",
    archivePrefix = "arXiv",
    primaryClass = "physics.ins-det",
    reportNumber = "CMS-MUO-17-001, CERN-EP-2019-238",
    doi = "10.1088/1748-0221/15/02/P02027",
    journal = "JINST",
    volume = "15",
    number = "02",
    pages = "P02027",
    year = "2020"
}

@article{CMS-DP-2017-007,
      collaboration = "CMS",
      title         = "{Muon Identification and Isolation efficiency on full 2016
                       dataset}",
      year          = "2017",
      url           = "https://cds.cern.ch/record/2257968",
}

@article{CMS-DP-2018-042,
      collaboration = "CMS",
      title         = "{Muon identification and isolation efficiencies with 2017
                       and 2018 data}",
      year          = "2018",
      url           = "https://cds.cern.ch/record/2629364",
}

@article{CMS-DP-2019-022,
      collaboration = "CMS",
      title         = "{Muon reconstruction performance during Run II}",
      year          = "2019",
      url           = "https://cds.cern.ch/record/2682902",
}

@article{CMS-DP-2020-040,
      collaboration = "CMS",
      title         = "{Muon Reconstruction and Identification Performance with
                       Run-2 data}",
      year          = "2020",
      url           = "https://cds.cern.ch/record/2727091",
}

@article{CMS:2015myp,
    author = "Khachatryan, Vardan and others",
    collaboration = "CMS",
    title = "{Performance of Photon Reconstruction and Identification with the CMS Detector in Proton-Proton Collisions at sqrt(s) = 8 TeV}",
    eprint = "1502.02702",
    archivePrefix = "arXiv",
    primaryClass = "physics.ins-det",
    reportNumber = "CMS-EGM-14-001, CERN-PH-EP-2015-006",
    doi = "10.1088/1748-0221/10/08/P08010",
    journal = "JINST",
    volume = "10",
    number = "08",
    pages = "P08010",
    year = "2015"
}

@article{Cacciari:2008gp,
    author = "Cacciari, Matteo and Salam, Gavin P. and Soyez, Gregory",
    title = "{The anti-$k_t$ jet clustering algorithm}",
    eprint = "0802.1189",
    archivePrefix = "arXiv",
    primaryClass = "hep-ph",
    reportNumber = "LPTHE-07-03",
    doi = "10.1088/1126-6708/2008/04/063",
    journal = "JHEP",
    volume = "04",
    pages = "063",
    year = "2008"
}

@article{Cacciari:2011ma,
    author = "Cacciari, Matteo and Salam, Gavin P. and Soyez, Gregory",
    title = "{FastJet User Manual}",
    eprint = "1111.6097",
    archivePrefix = "arXiv",
    primaryClass = "hep-ph",
    reportNumber = "CERN-PH-TH-2011-297",
    doi = "10.1140/epjc/s10052-012-1896-2",
    journal = "Eur. Phys. J. C",
    volume = "72",
    pages = "1896",
    year = "2012"
}

@techreport{CMS:2016ljj,
      collaboration = "CMS",
      title         = "{Performance of missing energy reconstruction in 13 TeV pp
                       collision data using the CMS detector}",
      institution   = "CERN",
      reportNumber  = "CMS-PAS-JME-16-004",
      address       = "Geneva",
      year          = "2016",
      url           = "https://cds.cern.ch/record/2205284",
}

@article{CMS-DP-2021-033,
      collaboration = "CMS",
      title         = "{Jet energy scale and resolution measurement with Run~2
                       Legacy Data Collected by CMS at 13~TeV}",
      year          = "2021",
      url           = "http://cds.cern.ch/record/2792322",
}

@article{CMS:2024onh,
    author = "Hayrapetyan, Aram and others",
    collaboration = "CMS",
    title = "{The CMS Statistical Analysis and Combination Tool: Combine}",
    eprint = "2404.06614",
    archivePrefix = "arXiv",
    primaryClass = "physics.data-an",
    reportNumber = "CMS-CAT-23-001, CERN-EP-2024-078",
    doi = "10.1007/s41781-024-00121-4",
    journal = "Comput. Softw. Big Sci.",
    volume = "8",
    number = "1",
    pages = "19",
    year = "2024"
}

@article{LHCHiggsCrossSectionWorkingGroup:2016ypw,
    author = "de Florian, D. and others",
    collaboration = "LHC Higgs Cross Section Working Group",
    title = "{Handbook of LHC Higgs Cross Sections: 4. Deciphering the Nature of the Higgs Sector}",
    eprint = "1610.07922",
    archivePrefix = "arXiv",
    primaryClass = "hep-ph",
    reportNumber = "CERN-2017-002-M, CERN-2017-002",
    doi = "10.23731/CYRM-2017-002",
    volume = "2/2017",
    month = "10",
    year = "2016"
}

@article{CMS:2025tqi,
    author = "Hayrapetyan, Aram and others",
    collaboration = "CMS",
    title = "{Search for the nonresonant and resonant production of a Higgs boson in association with an additional scalar boson in the $γγττ$ final state in proton-proton collisions at $\sqrt{s}$ = 13 TeV}",
    eprint = "2506.23012",
    archivePrefix = "arXiv",
    primaryClass = "hep-ex",
    reportNumber = "CMS-HIG-22-012, CERN-EP-2025-116",
    month = "6",
    year = "2025"
}

@article{CMS:2020tkr,
    author = "Sirunyan, Albert M and others",
    collaboration = "CMS",
    title = "{Search for nonresonant Higgs boson pair production in final states with two bottom quarks and two photons in proton-proton collisions at $ \sqrt{s} $ = 13 TeV}",
    eprint = "2011.12373",
    archivePrefix = "arXiv",
    primaryClass = "hep-ex",
    reportNumber = "CMS-HIG-19-018, CERN-EP-2020-222",
    doi = "10.1007/JHEP03(2021)257",
    journal = "JHEP",
    volume = "03",
    pages = "257",
    year = "2021"
}

@article{CMS:2023boe,
    author = "Tumasyan, Armen and others",
    collaboration = "CMS",
    title = "{Search for a new resonance decaying into two spin-0 bosons in a final state with two photons and two bottom quarks in proton-proton collisions at $ \sqrt{s} $ = 13 TeV}",
    eprint = "2310.01643",
    archivePrefix = "arXiv",
    primaryClass = "hep-ex",
    reportNumber = "CMS-HIG-21-011, CERN-EP-2023-132",
    doi = "10.1007/JHEP05(2024)316",
    journal = "JHEP",
    volume = "05",
    pages = "316",
    year = "2024"
}

@techreport{CMS:2022bcb,
      collaboration = "CMS",
      title         = "{Search for high mass resonances decaying into
                       $\mathrm{W^+}\mathrm{W^-}$ in the dileptonic final state
                       with $138\,\text{fb}^{-1}$ of proton-proton collisions at
                       $\sqrt{s}=13\,\text{TeV}$}",
      institution   = "CERN",
      reportNumber  = "CMS-PAS-HIG-20-016",
      address       = "Geneva",
      year          = "2022",
      url           = "https://cds.cern.ch/record/2803723",
}

@article{CMS:2022goy,
    author = "Tumasyan, Armen and others",
    collaboration = "CMS",
    title = "{Searches for additional Higgs bosons and for vector leptoquarks in $\tau\tau$ final states in proton-proton collisions at $\sqrt{s}$ = 13 TeV}",
    eprint = "2208.02717",
    archivePrefix = "arXiv",
    primaryClass = "hep-ex",
    reportNumber = "CMS-HIG-21-001, CERN-EP-2022-137",
    doi = "10.1007/JHEP07(2023)073",
    journal = "JHEP",
    volume = "07",
    pages = "073",
    year = "2023"
}

@article{CMS:2024yhz,
    author = "Hayrapetyan, Aram and others",
    collaboration = "CMS",
    title = "{Search for a standard model-like Higgs boson in the mass range between 70 and 110 GeV in the diphoton final state in proton-proton collisions at s=13TeV}",
    eprint = "2405.18149",
    archivePrefix = "arXiv",
    primaryClass = "hep-ex",
    reportNumber = "CMS-HIG-20-002, CERN-EP-2024-088",
    doi = "10.1016/j.physletb.2024.139067",
    journal = "Phys. Lett. B",
    volume = "860",
    pages = "139067",
    year = "2025"
}

@article{MadGraph,
      author         = "Alwall, J. and Frederix, R. and Frixione, S. and Hirschi,
                        V. and Maltoni, F. and Mattelaer, O. and Shao, H.-S. and Stelzer, T. and Torielli, P.
                        and Zaro, M.",
      title          = "The automated computation of tree-level and
                        next-to-leading order differential cross sections, and
                        their matching to parton shower simulations",
      journal        = "JHEP",
      volume         = "07",
      pages          = "079",
      doi            = "10.1007/JHEP07(2014)079",
      year           = "2014",
      eprint         = "1405.0301",
      archivePrefix  = "arXiv",
      primaryClass   = "hep-ph",
      reportNumber   = "CERN-PH-TH-2014-064, CP3-14-18, LPN14-066, MCNET-14-09,
                        ZU-TH-14-14",
      SLACcitation   = "%%CITATION = ARXIV:1405.0301;%%",
}

@article{10.21468/SciPostPhys.7.3.034,
    author="Enrico Bothmann and Gurpreet Singh Chahal and Stefan H{\"o}che and Johannes Krause and Frank Krauss and Silvan Kuttimalai and Sebastian Liebschner and Davide Napoletano and Marek Sch{\"o}nherr and Holger Schulz and Steffen Schumann and Frank Siegert",
    title="Event generation with {SHERPA} 2.2",
    journal="SciPost Phys.",
    volume="7",
    pages="34",
    year="2019",
    publisher={SciPost},
    doi={10.21468/SciPostPhys.7.3.034},
	eprint = "1905.09127",
	archivePrefix = "arXiv",
	primaryClass = "hep-ph",
}

@article{MadGraphMLM,
    author = "Alwall, Johan and others",
    title = "Comparative study of various algorithms for the merging of parton showers and matrix elements in hadronic collisions",
    eprint = "0706.2569",
    archivePrefix = "arXiv",
    primaryClass = "hep-ph",
    reportNumber = "SLAC-PUB-12604, CERN-PH-TH-2007-066, LU-TP-07-13, KA-TP-06-2007, DCPT-07-62, IPPP-07-31",
    doi = "10.1140/epjc/s10052-007-0490-5",
    journal = "Eur. Phys. J. C",
    volume = "53",
    pages = "473",
    year = "2008"
}

@article{MadGraphFXFX,
    author = "Frederix, Rikkert and Frixione, Stefano",
    title = "Merging meets matching in {MC@NLO}",
    eprint = "1209.6215",
    archivePrefix = "arXiv",
    primaryClass = "hep-ph",
    reportNumber = "CERN-PH-TH-2012-247, ZU-TH-21-12",
    doi = "10.1007/JHEP12(2012)061",
    journal = "JHEP",
    volume = "12",
    pages = "061",
    year = "2012"
}

@article{CMS:2015wcf,
    author = "Khachatryan, Vardan and others",
    collaboration = "CMS",
    title = "Event generator tunes obtained from underlying event and multiparton scattering measurements",
    eprint = "1512.00815",
    archivePrefix = "arXiv",
    primaryClass = "hep-ex",
    reportNumber = "CMS-GEN-14-001, CERN-PH-EP-2015-291",
    doi = "10.1140/epjc/s10052-016-3988-x",
    journal = "Eur. Phys. J. C",
    volume = "76",
    pages = "155",
    year = "2016"
}

@article{CMS:2019csb,
    author = "Sirunyan, Albert M and others",
    collaboration = "CMS",
    title = "Extraction and validation of a new set of {CMS} {PYTHIA8} tunes from underlying-event measurements",
    eprint = "1903.12179",
    archivePrefix = "arXiv",
    primaryClass = "hep-ex",
    reportNumber = "CMS-GEN-17-001, CERN-EP-2019-007",
    doi = "10.1140/epjc/s10052-019-7499-4",
    journal = "Eur. Phys. J. C",
    volume = "80",
    pages = "4",
    year = "2020"
}

@article{Sjostrand:2014zea,
    author = {Sj\"ostrand, Torbj\"orn and Ask, Stefan and Christiansen, Jesper R. and Corke, Richard and Desai, Nishita and Ilten, Philip and Mrenna, Stephen and Prestel, Stefan and Rasmussen, Christine O. and Skands, Peter Z.},
    title = "{An introduction to PYTHIA 8.2}",
    eprint = "1410.3012",
    archivePrefix = "arXiv",
    primaryClass = "hep-ph",
    reportNumber = "LU-TP-14-36, MCNET-14-22, CERN-PH-TH-2014-190, FERMILAB-PUB-14-316-CD, DESY-14-178, SLAC-PUB-16122",
    doi = "10.1016/j.cpc.2015.01.024",
    journal = "Comput. Phys. Commun.",
    volume = "191",
    pages = "159--177",
    year = "2015"
}

@article{NNPDF31,
    author = "Ball, Richard D. and others",
    collaboration = "NNPDF",
    title = "Parton distributions from high-precision collider data",
    eprint = "1706.00428",
    archivePrefix = "arXiv",
    primaryClass = "hep-ph",
    reportNumber = "CAVENDISH-HEP-17-06, CERN-TH-2017-077, EDINBURGH-2017-08, NIKHEF-2017-006, OUTP-17-04P, TIF-UNIMI-2017-3",
    doi = "10.1140/epjc/s10052-017-5199-5",
    journal = "Eur. Phys. J. C",
    volume = "77",
    pages = "663",
    year = "2017"
}

@article{Agostinelli:2002hh,
      author         = "Agostinelli, S. and others",
      title          = "{\GEANTfour}  ---  a simulation toolkit",
      collaboration  = "\GEANTfour",
      journal        = "Nucl. Instrum. Meth. A",
      volume         = "506",
      year           = "2003",
      pages          = "250",
      doi            = "10.1016/S0168-9002(03)01368-8",
      reportNumber   = "SLAC-PUB-9350, FERMILAB-PUB-03-339",
      SLACcitation   = "%%CITATION = NUIMA,A506,250;%%"
}

@article{Bianchini:2014vza,
    author = "Bianchini, Lorenzo and Conway, John and Friis, Evan Klose and Veelken, Christian",
    editor = "Groep, D. L. and Bonacorsi, D.",
    title = "{Reconstruction of the Higgs mass in $H \to \tau\tau$ Events by Dynamical Likelihood techniques}",
    doi = "10.1088/1742-6596/513/2/022035",
    journal = "J. Phys. Conf. Ser.",
    volume = "513",
    pages = "022035",
    year = "2014"
}

@article{Chen:2016btl,
    author = "Chen, Tianqi and Guestrin, Carlos",
    title = "{XGBoost: A Scalable Tree Boosting System}",
    eprint = "1603.02754",
    archivePrefix = "arXiv",
    primaryClass = "cs.LG",
    doi = "10.1145/2939672.2939785",
    month = "3",
    year = "2016"
}

@article{WardLinkage,
 ISSN = {01621459, 1537274X},
 URL = {http://www.jstor.org/stable/2282967},
 author = {Joe H. Ward},
 journal = {Journal of the American Statistical Association},
 number = {301},
 pages = {236--244},
 publisher = {[American Statistical Association, Taylor & Francis, Ltd.]},
 title = {Hierarchical Grouping to Optimize an Objective Function},
 urldate = {2025-02-10},
 volume = {58},
 year = {1963}
}

@article{Baldi:2016fzo,
    author = "Baldi, Pierre and Cranmer, Kyle and Faucett, Taylor and Sadowski, Peter and Whiteson, Daniel",
    title = "{Parameterized neural networks for high-energy physics}",
    eprint = "1601.07913",
    archivePrefix = "arXiv",
    primaryClass = "hep-ex",
    doi = "10.1140/epjc/s10052-016-4099-4",
    journal = "Eur. Phys. J. C",
    volume = "76",
    number = "5",
    pages = "235",
    year = "2016"
}

@article{PyTorch,
    author = "Paszke, Adam and others",
    title = "{PyTorch: An Imperative Style, High-Performance Deep Learning Library}",
    eprint = "1912.01703",
    archivePrefix = "arXiv",
    primaryClass = "cs.LG",
    month = "12",
    year = "2019"
}

@inproceedings{Adam,
    author = "Kingma, Diederik P. and Ba, Jimmy",
    title = "{Adam: A Method for Stochastic Optimization}",
    eprint = "1412.6980",
    archivePrefix = "arXiv",
    primaryClass = "cs.LG",
    month = "12",
    year = "2014"
}

@article{CMS:2021kom,
    author = "Sirunyan, Albert M and others",
    collaboration = "CMS",
    title = "{Measurements of Higgs boson production cross sections and couplings in the diphoton decay channel at $ \sqrt{\mathrm{s}} $ = 13 TeV}",
    eprint = "2103.06956",
    archivePrefix = "arXiv",
    primaryClass = "hep-ex",
    reportNumber = "CMS-HIG-19-015, CERN-EP-2021-038",
    doi = "10.1007/JHEP07(2021)027",
    journal = "JHEP",
    volume = "07",
    pages = "027",
    year = "2021"
}

@article{CMS:2018uag,
    author = "Sirunyan, Albert M and others",
    collaboration = "CMS",
    title = "{Combined measurements of Higgs boson couplings in proton\textendash{}proton collisions at $\sqrt{s}=13\,\text {Te}\text {V} $}",
    eprint = "1809.10733",
    archivePrefix = "arXiv",
    primaryClass = "hep-ex",
    reportNumber = "CMS-HIG-17-031, CERN-EP-2018-263",
    doi = "10.1140/epjc/s10052-019-6909-y",
    journal = "Eur. Phys. J. C",
    volume = "79",
    number = "5",
    pages = "421",
    year = "2019"
}

@article{LHCHiggsCrossSectionWorkingGroup:2013rie,
    author = "Andersen, J R and others",
    editor = "Heinemeyer, S and Mariotti, C and Passarino, G and Tanaka, R",
    collaboration = "LHC Higgs Cross Section Working Group",
    title = "{Handbook of LHC Higgs Cross Sections: 3. Higgs Properties}",
    eprint = "1307.1347",
    archivePrefix = "arXiv",
    primaryClass = "hep-ph",
    reportNumber = "CERN-2013-004",
    doi = "10.5170/CERN-2013-004",
    month = "7",
    year = "2013"
}

@article{CMS:2020xwi,
    author = "Sirunyan, Albert M and others",
    collaboration = "CMS",
    title = "{Evidence for Higgs boson decay to a pair of muons}",
    eprint = "2009.04363",
    archivePrefix = "arXiv",
    primaryClass = "hep-ex",
    reportNumber = "CMS-HIG-19-006, CERN-EP-2020-164",
    doi = "10.1007/JHEP01(2021)148",
    journal = "JHEP",
    volume = "01",
    pages = "148",
    year = "2021"
}

@article{Feldman:1997qc,
    author = "Feldman, Gary J. and Cousins, Robert D.",
    title = "{A Unified approach to the classical statistical analysis of small signals}",
    eprint = "physics/9711021",
    archivePrefix = "arXiv",
    reportNumber = "HUTP-97-A096",
    doi = "10.1103/PhysRevD.57.3873",
    journal = "Phys. Rev. D",
    volume = "57",
    pages = "3873--3889",
    year = "1998"
}

@article{Junk:1999kv,
    author = "Junk, Thomas",
    title = "{Confidence level computation for combining searches with small statistics}",
    eprint = "hep-ex/9902006",
    archivePrefix = "arXiv",
    reportNumber = "CARLETON-OPAL-PHYS-99-01, CERN-EP-99-041",
    doi = "10.1016/S0168-9002(99)00498-2",
    journal = "Nucl. Instrum. Meth. A",
    volume = "434",
    pages = "435--443",
    year = "1999"
}

@article{Read:2002hq,
    author = "Read, Alexander L.",
    editor = "Whalley, M. R. and Lyons, L.",
    title = "{Presentation of search results: The $CL_s$ technique}",
    doi = "10.1088/0954-3899/28/10/313",
    journal = "J. Phys. G",
    volume = "28",
    pages = "2693--2704",
    year = "2002"
}

@ARTICLE{2020SciPy-NMeth,
  author  = {Virtanen, Pauli and Gommers, Ralf and Oliphant, Travis E. and
            Haberland, Matt and Reddy, Tyler and Cournapeau, David and
            Burovski, Evgeni and Peterson, Pearu and Weckesser, Warren and
            Bright, Jonathan and {van der Walt}, St{\'e}fan J. and
            Brett, Matthew and Wilson, Joshua and Millman, K. Jarrod and
            Mayorov, Nikolay and Nelson, Andrew R. J. and Jones, Eric and
            Kern, Robert and Larson, Eric and Carey, C J and
            Polat, {\.I}lhan and Feng, Yu and Moore, Eric W. and
            {VanderPlas}, Jake and Laxalde, Denis and Perktold, Josef and
            Cimrman, Robert and Henriksen, Ian and Quintero, E. A. and
            Harris, Charles R. and Archibald, Anne M. and
            Ribeiro, Ant{\^o}nio H. and Pedregosa, Fabian and
            {van Mulbregt}, Paul and {SciPy 1.0 Contributors}},
  title   = {{{SciPy} 1.0: Fundamental Algorithms for Scientific
            Computing in Python}},
  journal = {Nature Methods},
  year    = {2020},
  volume  = {17},
  pages   = {261--272},
  doi     = {10.1038/s41592-019-0686-2},
}

@article{ALFELD1984169,
title = {A trivariate clough—tocher scheme for tetrahedral data},
journal = {Computer Aided Geometric Design},
volume = {1},
number = {2},
pages = {169-181},
year = {1984},
issn = {0167-8396},
doi = {https://doi.org/10.1016/0167-8396(84)90029-3},
author = {Peter Alfeld},
keywords = {Scattered data, trivariate interpolation, tetrahedral interpolation},
abstract = {An interpolation scheme is described for values of position, gradient and Hessian at scattered points in three variables. The domain is assumed to have been tesselated into tetrahedra. The interpolant has local support, is globally once differentiable, piecewise polynomial, and reproduces polynomials of degree up to three exactly. The scheme has been implemented in a FORTRAN research code.}
}

@article{Dauncey:2014xga,
    author = "Dauncey, P. D. and Kenzie, M. and Wardle, N. and Davies, G. J.",
    title = "{Handling uncertainties in background shapes}: {the discrete profiling method}",
    eprint = "1408.6865",
    archivePrefix = "arXiv",
    primaryClass = "physics.data-an",
    doi = "10.1088/1748-0221/10/04/P04015",
    journal = "JINST",
    volume = "10",
    number = "04",
    pages = "P04015",
    year = "2015"
}

@article{10.2307/2340521,
 ISSN = {09528385},
 URL = {http://www.jstor.org/stable/2340521},
 author = {R. A. Fisher},
 journal = {Journal of the Royal Statistical Society},
 number = {1},
 pages = {87--94},
 publisher = {[Wiley, Royal Statistical Society]},
 title = {On the Interpretation of $\chi^2$ from Contingency Tables, and the Calculation of P},
 volume = {85},
 year = {1922}
}

@article{CMS-DP-2018-058,
      collaboration = "CMS",
      title         = "{Performance of the DeepJet b tagging algorithm using
                       41.9/fb of data from proton-proton collisions at 13TeV with
                       Phase 1 CMS detector}",
      year          = "2018",
      url           = "http://cds.cern.ch/record/2646773",
}

@article{CMS:2024awa,
    author = "Hayrapetyan, Aram and others",
    collaboration = "CMS",
    title = "{Constraints on the Higgs boson self-coupling from the combination of single and double Higgs boson production in proton-proton collisions at s=13TeV}",
    eprint = "2407.13554",
    archivePrefix = "arXiv",
    primaryClass = "hep-ex",
    reportNumber = "CMS-HIG-23-006, CERN-EP-2024-145",
    doi = "10.1016/j.physletb.2024.139210",
    journal = "Phys. Lett. B",
    volume = "861",
    pages = "139210",
    year = "2025"
}

@article{Cowan:2010js,
    author = "Cowan, Glen and Cranmer, Kyle and Gross, Eilam and Vitells, Ofer",
    title = "{Asymptotic formulae for likelihood-based tests of new physics}",
    eprint = "1007.1727",
    archivePrefix = "arXiv",
    primaryClass = "physics.data-an",
    doi = "10.1140/epjc/s10052-011-1554-0",
    journal = "Eur. Phys. J. C",
    volume = "71",
    pages = "1554",
    year = "2011",
    note = "[Erratum: Eur.Phys.J.C 73, 2501 (2013)]"
}

@article{CMS:2021ugl,
    author = "Sirunyan, Albert M and others",
    collaboration = "CMS",
    title = "{Measurements of production cross sections of the Higgs boson in the four-lepton final state in proton\textendash{}proton collisions at $\sqrt{s} = 13\,\text {Te}\text {V} $}",
    eprint = "2103.04956",
    archivePrefix = "arXiv",
    primaryClass = "hep-ex",
    reportNumber = "CMS-HIG-19-001, CERN-EP-2021-016",
    doi = "10.1140/epjc/s10052-021-09200-x",
    journal = "Eur. Phys. J. C",
    volume = "81",
    number = "6",
    pages = "488",
    year = "2021"
}

@article{CMS:2022uhn,
    author = "Tumasyan, Armen and others",
    collaboration = "CMS",
    title = "{Measurements of the Higgs boson production cross section and couplings in the W boson pair decay channel in proton-proton collisions at $\sqrt{s}=13\,\text {Te\hspace{-.08em}V} $}",
    eprint = "2206.09466",
    archivePrefix = "arXiv",
    primaryClass = "hep-ex",
    reportNumber = "CMS-HIG-20-013, CERN-EP-2022-120",
    doi = "10.1140/epjc/s10052-023-11632-6",
    journal = "Eur. Phys. J. C",
    volume = "83",
    number = "7",
    pages = "667",
    year = "2023"
}

@article{CMS:2022kdi,
    author = "Tumasyan, Armen and others",
    collaboration = "CMS",
    title = "{Measurements of Higgs boson production in the decay channel with a pair of $\tau $ leptons in proton\textendash{}proton collisions at $\sqrt{s}=13$ TeV}",
    eprint = "2204.12957",
    archivePrefix = "arXiv",
    primaryClass = "hep-ex",
    reportNumber = "CMS-HIG-19-010, CERN-EP-2022-027",
    doi = "10.1140/epjc/s10052-023-11452-8",
    journal = "Eur. Phys. J. C",
    volume = "83",
    number = "7",
    pages = "562",
    year = "2023"
}

@article{CMS:2024ddc,
    author = "Hayrapetyan, Aram and others",
    collaboration = "CMS",
    title = "{Measurement of boosted Higgs bosons produced via vector boson fusion or gluon fusion in the H \textrightarrow{}$ \textrm{b}\overline{\textrm{b}} $ decay mode using LHC proton-proton collision data at $ \sqrt{s} $ = 13 TeV}",
    eprint = "2407.08012",
    archivePrefix = "arXiv",
    primaryClass = "hep-ex",
    reportNumber = "CMS-HIG-21-020, CERN-EP-2024-162",
    doi = "10.1007/JHEP12(2024)035",
    journal = "JHEP",
    volume = "12",
    pages = "035",
    year = "2024"
}

@article{CMS:2023tfj,
    author = "Hayrapetyan, Aram and others",
    collaboration = "CMS",
    title = "{Measurement of the Higgs boson production via vector boson fusion and its decay into bottom quarks in proton-proton collisions at $ \sqrt{s} $ = 13 TeV}",
    eprint = "2308.01253",
    archivePrefix = "arXiv",
    primaryClass = "hep-ex",
    reportNumber = "CMS-HIG-22-009, CERN-EP-2023-110",
    doi = "10.1007/JHEP01(2024)173",
    journal = "JHEP",
    volume = "01",
    pages = "173",
    year = "2024"
}

@article{CMS:2023vzh,
    author = "Tumasyan, Armen and others",
    collaboration = "CMS",
    title = "{Measurement of simplified template cross sections of the Higgs boson produced in association with W or Z bosons in the H\textrightarrow{}bb\textasciimacron{} decay channel in proton-proton collisions at s=13\,\,TeV}",
    eprint = "2312.07562",
    archivePrefix = "arXiv",
    primaryClass = "hep-ex",
    reportNumber = "CMS-HIG-20-001, CERN-EP-2023-270",
    doi = "10.1103/PhysRevD.109.092011",
    journal = "Phys. Rev. D",
    volume = "109",
    number = "9",
    pages = "092011",
    year = "2024"
}

@article{CMS:2024fdo,
    author = "Hayrapetyan, Aram and others",
    collaboration = "CMS",
    title = "{Measurement of the $ \textrm{t}\overline{\textrm{t}}\textrm{H} $ and tH production rates in the H \textrightarrow{}$ \textrm{b}\overline{\textrm{b}} $ decay channel using proton-proton collision data at $ \sqrt{s} $ = 13 TeV}",
    eprint = "2407.10896",
    archivePrefix = "arXiv",
    primaryClass = "hep-ex",
    reportNumber = "CMS-HIG-19-011, CERN-EP-2024-179",
    doi = "10.1007/JHEP02(2025)097",
    journal = "JHEP",
    volume = "02",
    pages = "097",
    year = "2025"
}

@article{CMS:2020mpn,
    author = "Sirunyan, Albert M and others",
    collaboration = "CMS",
    title = "{Measurement of the Higgs boson production rate in association with top quarks in final states with electrons, muons, and hadronically decaying tau leptons at $\sqrt{s} =$ 13 TeV}",
    eprint = "2011.03652",
    archivePrefix = "arXiv",
    primaryClass = "hep-ex",
    reportNumber = "CMS-HIG-19-008, CERN-EP-2020-200",
    doi = "10.1140/epjc/s10052-021-09014-x",
    journal = "Eur. Phys. J. C",
    volume = "81",
    number = "4",
    pages = "378",
    year = "2021"
}

@article{CMS:2022ahq,
    author = "Tumasyan, Armen and others",
    collaboration = "CMS",
    title = "{Search for Higgs boson decays to a Z boson and a photon in proton-proton collisions at $ \sqrt{s} $ = 13 TeV}",
    eprint = "2204.12945",
    archivePrefix = "arXiv",
    primaryClass = "hep-ex",
    reportNumber = "CMS-HIG-19-014, CERN-EP-2022-019",
    doi = "10.1007/JHEP05(2023)233",
    journal = "JHEP",
    volume = "05",
    pages = "233",
    year = "2023"
}

@techreport{CMS:2020gsy,
      collaboration = "CMS",
      title         = "{Combined Higgs boson production and decay measurements
                       with up to 137 fb-1 of proton-proton collision data at
                       sqrts = 13 TeV}",
      institution   = "CERN",
      reportNumber  = "CMS-PAS-HIG-19-005",
      address       = "Geneva",
      year          = "2020",
      url           = "https://cds.cern.ch/record/2706103",
}

@misc{LHC_EFT_WG_Conventions,
    title={Interim conventions for a first EFT combination between LHC experiments},
    url={https://twiki.cern.ch/twiki/bin/view/LHCPhysics/LHCEFTExpCombinationConventions},
    author={LHCEFTWG},
    note = {Accessed: 05/04/2022}
} 


@article{Dawson:2018liq,
    author = "Dawson, Sally and Giardino, Pier Paolo",
    title = "{Electroweak corrections to Higgs boson decays to $\gamma\gamma$ and $W^+W^-$ in standard model EFT}",
    eprint = "1807.11504",
    archivePrefix = "arXiv",
    primaryClass = "hep-ph",
    doi = "10.1103/PhysRevD.98.095005",
    journal = "Phys. Rev. D",
    volume = "98",
    number = "9",
    pages = "095005",
    year = "2018"
}

@article{Dawson:2018pyl,
    author = "Dawson, Sally and Giardino, Pier Paolo",
    title = "{Higgs decays to $ZZ$ and $Z\gamma$ in the standard model effective field theory: An NLO analysis}",
    eprint = "1801.01136",
    archivePrefix = "arXiv",
    primaryClass = "hep-ph",
    doi = "10.1103/PhysRevD.97.093003",
    journal = "Phys. Rev. D",
    volume = "97",
    number = "9",
    pages = "093003",
    year = "2018"
}

@article{Degrande:2011ua,
    author = "Degrande, Celine and Duhr, Claude and Fuks, Benjamin and Grellscheid, David and Mattelaer, Olivier and Reiter, Thomas",
    title = "{UFO - The Universal FeynRules Output}",
    eprint = "1108.2040",
    archivePrefix = "arXiv",
    primaryClass = "hep-ph",
    reportNumber = "CP3-11-25, IPHC-PHENO-11-04, IPPP-11-39, DCPT-11-78, MPP-2011-68",
    doi = "10.1016/j.cpc.2012.01.022",
    journal = "Comput. Phys. Commun.",
    volume = "183",
    pages = "1201--1214",
    year = "2012"
}

@article{Bierlich:2019rhm,
    author = "Bierlich, Christian and others",
    title = "{Robust Independent Validation of Experiment and Theory: Rivet version 3}",
    eprint = "1912.05451",
    archivePrefix = "arXiv",
    primaryClass = "hep-ph",
    reportNumber = "MCnet-19-26",
    doi = "10.21468/SciPostPhys.8.2.026",
    journal = "SciPost Phys.",
    volume = "8",
    pages = "026",
    year = "2020"
}

@article{Mattelaer:2016gcx,
    author = "Mattelaer, Olivier",
    title = "{On the maximal use of Monte Carlo samples: re-weighting events at NLO accuracy}",
    eprint = "1607.00763",
    archivePrefix = "arXiv",
    primaryClass = "hep-ph",
    reportNumber = "IPPP-16-55, MCNET-16-25",
    doi = "10.1140/epjc/s10052-016-4533-7",
    journal = "Eur. Phys. J. C",
    volume = "76",
    number = "12",
    pages = "674",
    year = "2016"
}

@software{nanoAODtools,
  author = "CMS Collaboration",
  doi = {10.5281/zenodo.15091146},
  month = {3},
  title = "{Standalone reweighting with nanoAOD-tools}",
  url = {https://github.com/Charlotte-Knight/nanoAOD-tools},
  version = {1.0.0},
  year = {2025}
}

@techreport{CMS-PAS-HIG-20-011,
      collaboration = "CMS",
      title         = "{Combination of searches for nonresonant Higgs boson pair
                       production in proton-proton collisions at sqrt(s) = 13
                       TeV}",
      institution   = "CERN",
      reportNumber  = "CMS-PAS-HIG-20-011",
      address       = "Geneva",
      year          = "2024",
      url           = "https://cds.cern.ch/record/2917252",
}

@article{ATLAS:2024ish,
    author = "Aad, Georges and others",
    collaboration = "ATLAS",
    title = "{Combination of Searches for Higgs Boson Pair Production in pp Collisions at s=13\,\,TeV with the ATLAS Detector}",
    eprint = "2406.09971",
    archivePrefix = "arXiv",
    primaryClass = "hep-ex",
    reportNumber = "CERN-EP-2024-160",
    doi = "10.1103/PhysRevLett.133.101801",
    journal = "Phys. Rev. Lett.",
    volume = "133",
    number = "10",
    pages = "101801",
    year = "2024"
}

@techreport{CMS-PAS-JME-16-003,
      collaboration = "CMS",
      title         = "{Jet algorithms performance in 13 TeV data}",
      institution   = "CERN",
      reportNumber  = "CMS-PAS-JME-16-003",
      address       = "Geneva",
      year          = "2017",
      url           = "https://cds.cern.ch/record/2256875",
}


@article{Wilks,
journal = "Ann. Math. Statist.",
author = "Wilks, S. S.",
doi = "10.1214/aoms/1177732360",
volume = "9",
pages = "60",
title = "The Large-Sample Distribution of the Likelihood Ratio for Testing Composite Hypotheses",
year = "1938"
}

@article{Wald,
    author = "Wald, Abraham",
    doi = "10.1090/S0002-9947-1943-0012401-3",
    issn = "00029947",
    journal = "Trans. Amer. Math. Soc.",
    pages = "426",
    title = "Tests of statistical hypotheses concerning several parameters when the number of observations is large",
    volume = "54",
    year = "1943"
}

@incollection{Engle,
   author = "Robert F. Engle",
   title = "Chapter 13 {Wald}, likelihood ratio, and {Lagrange} multiplier tests in econometrics",
   booktitle = "Handbook of Econometrics",
   publisher = "Elsevier",
   year = "1984",
   volume = "2",
   pages = "775",
   issn = "1573-4412",
   doi = "10.1016/S1573-4412(84)02005-5",
}

@article{Glashow:1961tr,
    author = "Glashow, S. L.",
    title = "{Partial Symmetries of Weak Interactions}",
    doi = "10.1016/0029-5582(61)90469-2",
    journal = "Nucl. Phys.",
    volume = "22",
    pages = "579--588",
    year = "1961"
}

@article{Weinberg:1967tq,
    author = "Weinberg, Steven",
    title = "{A Model of Leptons}",
    doi = "10.1103/PhysRevLett.19.1264",
    journal = "Phys. Rev. Lett.",
    volume = "19",
    pages = "1264--1266",
    year = "1967"
}

@article{Salam:1968rm,
    author = "Salam, Abdus",
    title = "{Weak and Electromagnetic Interactions}",
    doi = "10.1142/9789812795915_0034",
    journal = "Conf. Proc. C",
    volume = "680519",
    pages = "367--377",
    year = "1968"
}

@techreport{CMS-PAS-HIG-21-018,
      collaboration = "CMS",
      title         = "{Combined measurements and interpretations of Higgs boson
                       production and decay at sqrt(s)=13 TeV}",
      institution   = "CERN",
      reportNumber  = "CMS-PAS-HIG-21-018",
      address       = "Geneva",
      year          = "2025",
      url           = "https://cds.cern.ch/record/2929999",
}

@article{Carmona:2021xtq,
    author = "Carmona, Adrian and Lazopoulos, Achilleas and Olgoso, Pablo and Santiago, Jose",
    title = "{Matchmakereft: automated tree-level and one-loop matching}",
    eprint = "2112.10787",
    archivePrefix = "arXiv",
    primaryClass = "hep-ph",
    doi = "10.21468/SciPostPhys.12.6.198",
    journal = "SciPost Phys.",
    volume = "12",
    number = "6",
    pages = "198",
    year = "2022"
}

@article{Degrande:2020evl,
    author = "Degrande, C\'eline and Durieux, Gauthier and Maltoni, Fabio and Mimasu, Ken and Vryonidou, Eleni and Zhang, Cen",
    title = "{Automated one-loop computations in the standard model effective field theory}",
    eprint = "2008.11743",
    archivePrefix = "arXiv",
    primaryClass = "hep-ph",
    reportNumber = "CERN-TH-2020-140, CP3-20-42",
    doi = "10.1103/PhysRevD.103.096024",
    journal = "Phys. Rev. D",
    volume = "103",
    number = "9",
    pages = "096024",
    year = "2021"
}

@article{Baum:2018zhf,
    author = "Baum, Sebastian and Shah, Nausheen R.",
    title = "{Two Higgs Doublets and a Complex Singlet: Disentangling the Decay Topologies and Associated Phenomenology}",
    eprint = "1808.02667",
    archivePrefix = "arXiv",
    primaryClass = "hep-ph",
    reportNumber = "NORDITA-2018-067, WSU-HEP-1803, WSU-HEP-1804",
    doi = "10.1007/JHEP12(2018)044",
    journal = "JHEP",
    volume = "12",
    pages = "044",
    year = "2018"
}

@article{ZurbanoFernandez:2020cco,
    author = "Zurbano Fernandez, I. and others",
    editor = {B\'ejar Alonso, I. and Br\"uning, O. and Fessia, P. and Rossi, L. and Tavian, L. and Zerlauth, M.},
    title = "{High-Luminosity Large Hadron Collider (HL-LHC): Technical design report}",
    reportNumber = "CERN-2020-010",
    doi = "10.23731/CYRM-2020-0010",
    volume = "10/2020",
    month = "12",
    year = "2020"
}

@article{CMS:2011aa,
    author = "Chatrchyan, Serguei and others",
    collaboration = "CMS",
    title = "{Measurement of the Inclusive $W$ and $Z$ Production Cross Sections in $pp$ Collisions at $\sqrt{s}=7$ TeV}",
    eprint = "1107.4789",
    archivePrefix = "arXiv",
    primaryClass = "hep-ex",
    reportNumber = "CERN-PH-EP-2011-107, CMS-EWK-10-005",
    doi = "10.1007/JHEP10(2011)132",
    journal = "JHEP",
    volume = "10",
    pages = "132",
    year = "2011"
}

@article{CMS:2018piu,
    author = "Sirunyan, A. M. and others",
    collaboration = "CMS",
    title = "{Measurements of Higgs boson properties in the diphoton decay channel in proton-proton collisions at $\sqrt{s} =$ 13 TeV}",
    eprint = "1804.02716",
    archivePrefix = "arXiv",
    primaryClass = "hep-ex",
    reportNumber = "CMS-HIG-16-040, CERN-EP-2018-060",
    doi = "10.1007/JHEP11(2018)185",
    journal = "JHEP",
    volume = "11",
    pages = "185",
    year = "2018"
}